% Encoding: UTF-8

@TechReport{DDIN2009,
  date        = {2009-06},
  institution = {{DIN e.V.}},
  title       = {Schraubwerkzeuge – Mitnahme-Verbindungen für hand- und maschinenbetätigte Schraubendrehereinsätze und Verbindungsteile – Maße und Drehmomentprüfung},
  number      = {1173:2009-06},
  type        = {DIN ISO},
  file        = {:DDIN2009.pdf:PDF},
}

@InCollection{Barber1997,
  author    = {Antony Barber},
  booktitle = {Pneumatic Handbook},
  title     = {SECTION 5 - Applications},
  doi       = {10.1016/B978-185617249-3/50006-4},
  edition   = {Eighth Edition},
  editor    = {Antony Barber},
  isbn      = {978-1-85617-249-3},
  pages     = {297-420},
  publisher = {Butterworth-Heinemann},
  address   = {Oxford},
  file      = {:Barber1997.pdf:PDF},
  year      = {1997},
}

@InBook{Pahl2007,
  author    = {Gerhard Pahl and Wolfgang Beitz and Jörg Feldhusen and Karl-Heinrich Grote},
  booktitle = {Engineering Design},
  date      = {2007},
  title     = {Task Clarification},
  doi       = {10.1007/978-1-84628-319-2_5},
  pages     = {145--158},
  publisher = {Springer London},
}

@Comment{jabref-meta: databaseType:biblatex;}
